% Encoding: UTF-8
@book{allen2016haskell,
  title={Haskell Programming from First Principles},
  author={Allen, C. and Moronuki, J.},
  isbn={9781945388033},
  url={https://books.google.dk/books?id=5FaXDAEACAAJ},
  year={2016},
  publisher={Allen and Moronuki Publishing}
}
@misc{alexUserGuide
,	title	= {Alex User Guide}
,   author  = {Dornan, Chris and Jones, Isaac and Marlow, Simon }
,	year	= {2003}
}
@misc{happyUserGuide
,	title	= {Happy User Guide}
,	author	= {Marlow, Simon and Gill, Andy }
,	year	= {2001}
}

@book{craftingCompiler,
 author = {Fischer, Charles N. and Cytron, Ronald K. and LeBlanc, Richard J.},
 title = {Crafting A Compiler},
 year = {2009},
 isbn = {0136067050, 9780136067054},
 edition = {1st},
 publisher = {Addison-Wesley Publishing Company},
 address = {USA},
} 

@misc{grammophone
,   key = {Grammophone}
,	title	= {mdaines/grammophone: A tool for analyzing and transforming context-free grammars.}
,	year	= {2019}
,	url	= {https://github.com/mdaines/grammophone}
}
@misc{antlr-github
,   key = {ANTLR}
,	title	= {ANTLR (ANother Tool for Language Recognition) is a powerful parser generator for reading, processing, executing, or translating structured text or binary files.}
,	year	= {2019}
,	url	= {https://github.com/antlr/antlr4}
}
@misc{haskell-compiler-tools
,	title	= {Applications and libraries/Compiler tools - Haskel Wiki}
,	year	= {2019}
,	url	= {https://wiki.haskell.org/Applications_and_libraries/Compiler_tools}
}
@misc{haskell-sequence-complexity
,    title = "Haskell Data.Sequence documentation"
,    url = {http://hackage.haskell.org/package/containers-0.6.0.1/docs/Data-Sequence.html}
}
@misc{haskell-set-complexity
,    title = "Haskell Data.Set documentation"
,    url = {http://hackage.haskell.org/package/containers-0.6.0.1/docs/Data-Set.html}
}
@misc{lego-robotc
,    title = {LEGO - ROBOTC}
,    key = {LEGO}
,    year = {2019}
,    url = {http://www.robotc.net/download/lego/}
}
@misc{arduino
,    title = {Arduino software}
,    key = {Arduino}
,    year = {2019}
,    url = {https://www.arduino.cc/en/Main/Software}
}

@book{concepts-of-programming-languages,
 author = {Sebesta, Robert W.},
 title = {Concepts of Programming Languages},
 year = {2012},
 isbn = {0131395319, 978-0131395312},
 edition = {10th},
 publisher = {Pearson}
} 

@book{learn-you-a-haskell-for-great-good,
 author = {Lipovaca, Miran},
 title = {Learn You a Haskell for Great Good!: A Beginner's Guide},
 year = {2011},
 isbn = {978-1593272838, 9781593272838},
 edition = {1st},
 publisher = {No Starch Press}
} 

@misc{polymorphic-type-inference,
    author =       {Schwartzbach, Michael I.},
    title =        {Polymorphic Type Inference},
    year =         "1995"
}